<record><leader>00000cas a22000007a 4500</leader><controlfield tag="001">27184925</controlfield><controlfield tag="008">921230d18711872ctuwr ne      0    0eng d</controlfield><datafield ind1=" " ind2=" " tag="010"><subfield code="a">sn 92064254 </subfield></datafield><datafield ind1=" " ind2=" " tag="040"><subfield code="a">RHN</subfield><subfield code="b">eng</subfield><subfield code="c">RHN</subfield><subfield code="d">CNW</subfield><subfield code="d">OCLCQ</subfield></datafield><datafield ind1=" " ind2=" " tag="042"><subfield code="a">msc</subfield></datafield><datafield ind1="0" ind2="4" tag="245"><subfield code="a">The Weekly mirror=journal.</subfield></datafield><datafield ind1=" " ind2=" " tag="260"><subfield code="a">Stonington, Conn. :</subfield><subfield code="b">Jerome S. Anderson</subfield></datafield><datafield ind1=" " ind2=" " tag="300"><subfield code="a">v.</subfield></datafield><datafield ind1=" " ind2=" " tag="310"><subfield code="a">Weekly</subfield></datafield><datafield ind1="0" ind2=" " tag="362"><subfield code="a">New ser., vol. 1, no. 1 (Apr. 20, 1871)-new ser., v. 2, no. 17 (Aug. 22, 1872) = whole no. 635-705.</subfield></datafield><datafield ind1=" " ind2=" " tag="530"><subfield code="a">Available on microfilm from Joseph Merritt &amp; Co., Hartford, Conn.</subfield></datafield><datafield ind1=" " ind2="4" tag="651"><subfield code="a">Stonington (Conn.)</subfield><subfield code="v">Newspapers.</subfield></datafield><datafield ind1=" " ind2="4" tag="651"><subfield code="a">Groton (Conn.)</subfield><subfield code="v">Newspapers.</subfield></datafield><datafield ind1=" " ind2="4" tag="651"><subfield code="a">Mystic River (Conn.)</subfield><subfield code="v">Newspapers.</subfield></datafield><datafield ind1=" " ind2="4" tag="651"><subfield code="a">Mystic (Conn.)</subfield><subfield code="v">Newspapers.</subfield></datafield><datafield ind1=" " ind2=" " tag="752"><subfield code="a">United States</subfield><subfield code="b">Connecticut</subfield><subfield code="c">New London</subfield><subfield code="d">Stonington.</subfield></datafield><datafield ind1="0" ind2="4" tag="780"><subfield code="t">Stonington mirror (Stonington, Conn. : 1869)</subfield><subfield code="w">(DLC)sn 82014605</subfield><subfield code="w">(OCoLC)8787146</subfield></datafield><datafield ind1="0" ind2="4" tag="780"><subfield code="t">Mystic journal (Mystic River, Conn. : 1870)</subfield><subfield code="w">(DLC)sn 92064255</subfield><subfield code="w">(OCoLC)27184875</subfield></datafield><datafield ind1="0" ind2="6" tag="785"><subfield code="t">Stonington mirror (Stonington, Conn. : 1872)</subfield><subfield code="w">(DLC)sn 84022489</subfield><subfield code="w">(OCoLC)10438817</subfield></datafield><datafield ind1="0" ind2="6" tag="785"><subfield code="t">Mystic journal (Mystic, Conn. : 1872)</subfield><subfield code="w">(DLC)sn 84022394</subfield><subfield code="w">(OCoLC)10428377</subfield></datafield></record>